<record><leader>00000cas a2200000 a 4500</leader><controlfield tag="001">19769610</controlfield><controlfield tag="008">890526d18721880coumr ne      0    0eng c</controlfield><datafield ind1=" " ind2=" " tag="010"><subfield code="a">sn 91052679 </subfield></datafield><datafield ind1=" " ind2=" " tag="040"><subfield code="a">PRE</subfield><subfield code="b">eng</subfield><subfield code="c">PRE</subfield><subfield code="d">CNQ</subfield><subfield code="d">CNK</subfield><subfield code="d">CNW</subfield><subfield code="d">ATL</subfield><subfield code="d">NYS</subfield><subfield code="d">DLC</subfield><subfield code="d">OCLCQ</subfield><subfield code="d">OCLCF</subfield><subfield code="d">OCLCO</subfield></datafield><datafield ind1=" " ind2=" " tag="019"><subfield code="a">2267263</subfield></datafield><datafield ind1="1" ind2=" " tag="029"><subfield code="a">AU@</subfield><subfield code="b">000020366422</subfield></datafield><datafield ind1=" " ind2=" " tag="042"><subfield code="a">pcc</subfield></datafield><datafield ind1=" " ind2=" " tag="043"><subfield code="a">nr-----</subfield><subfield code="a">n-us-co</subfield></datafield><datafield ind1=" " ind2="4" tag="050"><subfield code="a">BV2799</subfield><subfield code="b">.R62</subfield></datafield><datafield ind1="0" ind2=" " tag="130"><subfield code="a">Rocky Mountain Presbyterian (Denver, Colo.)</subfield></datafield><datafield ind1="1" ind2="0" tag="245"><subfield code="a">Rocky Mountain Presbyterian.</subfield></datafield><datafield ind1=" " ind2=" " tag="260"><subfield code="a">Denver, Colo. :</subfield><subfield code="b">Sheldon Jackson,</subfield><subfield code="c">1872-1880.</subfield></datafield><datafield ind1=" " ind2=" " tag="300"><subfield code="a">9 v. :</subfield><subfield code="b">ill. ;</subfield><subfield code="c">29-60 cm.</subfield></datafield><datafield ind1=" " ind2=" " tag="310"><subfield code="a">Monthly,</subfield><subfield code="b">1875-1880</subfield></datafield><datafield ind1=" " ind2=" " tag="321"><subfield code="a">Monthly,</subfield><subfield code="b">1872-1873</subfield></datafield><datafield ind1=" " ind2=" " tag="321"><subfield code="a">Weekly,</subfield><subfield code="b">1874</subfield></datafield><datafield ind1="0" ind2=" " tag="362"><subfield code="a">Vol. 1, no. 1 (Mar. 1872)-v. 9, no. 12 (Dec. 1880).</subfield></datafield><datafield ind1=" " ind2=" " tag="515"><subfield code="a">Issues for Oct. 28 and Dec. 2, 1874 never published.</subfield></datafield><datafield ind1=" " ind2=" " tag="530"><subfield code="a">Also issued on microfilm by American Theological Library Association.</subfield></datafield><datafield ind1=" " ind2=" " tag="580"><subfield code="a">Monthly ed. also issued during 1874: Presbyterian home missions (Denver, Colo. : 1874).</subfield></datafield><datafield ind1=" " ind2="0" tag="651"><subfield code="a">Denver (Colo.)</subfield><subfield code="v">Newspapers.</subfield></datafield><datafield ind1=" " ind2="0" tag="651"><subfield code="a">Colorado</subfield><subfield code="v">Newspapers.</subfield></datafield><datafield ind1=" " ind2="0" tag="650"><subfield code="a">Presbyterian Church</subfield><subfield code="z">Rocky Mountains Region</subfield><subfield code="v">Newspapers.</subfield></datafield><datafield ind1=" " ind2="0" tag="650"><subfield code="a">Missions</subfield><subfield code="z">Rocky Mountains Region</subfield><subfield code="v">Newspapers.</subfield></datafield><datafield ind1=" " ind2="7" tag="655"><subfield code="a">Newspapers.</subfield><subfield code="2">fast</subfield><subfield code="0">(OCoLC)fst01423814</subfield></datafield><datafield ind1=" " ind2="7" tag="650"><subfield code="a">Missions.</subfield><subfield code="2">fast</subfield><subfield code="0">(OCoLC)fst01023771</subfield></datafield><datafield ind1=" " ind2="7" tag="650"><subfield code="a">Presbyterian Church.</subfield><subfield code="2">fast</subfield><subfield code="0">(OCoLC)fst01075515</subfield></datafield><datafield ind1=" " ind2="7" tag="651"><subfield code="a">Colorado.</subfield><subfield code="2">fast</subfield><subfield code="0">(OCoLC)fst01210251</subfield></datafield><datafield ind1=" " ind2="7" tag="651"><subfield code="a">Colorado</subfield><subfield code="z">Denver.</subfield><subfield code="2">fast</subfield><subfield code="0">(OCoLC)fst01205192</subfield></datafield><datafield ind1=" " ind2="7" tag="651"><subfield code="a">Rocky Mountains Region.</subfield><subfield code="2">fast</subfield><subfield code="0">(OCoLC)fst01349475</subfield></datafield><datafield ind1=" " ind2=" " tag="752"><subfield code="a">United States</subfield><subfield code="b">Colorado</subfield><subfield code="d">Denver.</subfield></datafield><datafield ind1="1" ind2=" " tag="775"><subfield code="t">Presbyterian home missions (Denver, Colo. : 1874)</subfield><subfield code="w">(DLC)sn 95063178</subfield><subfield code="w">(OCoLC)33432965</subfield></datafield><datafield ind1="1" ind2=" " tag="776"><subfield code="c">Microfilm</subfield><subfield code="d">American Theological Library Association</subfield><subfield code="w">(DLC)sn 99016202</subfield><subfield code="w">(OCoLC)20979264</subfield></datafield><datafield ind1="0" ind2="0" tag="785"><subfield code="t">Presbyterian home missions (New York, N.Y.)</subfield><subfield code="x">2324-6170</subfield><subfield code="w">(DLC)sn 99016203</subfield><subfield code="w">(OCoLC)10709817</subfield></datafield></record>